%% This BibTeX bibliography file was created using BibDesk.
%% http://bibdesk.sourceforge.net/


%% Created for Ivan Nazarov at 2015-05-20 12:22:00 +0300 


%% Saved with string encoding Unicode (UTF-8) 



@incollection{jonesshen2005,
	Author = {Jones, Owen Dafydd and Shen, Yuan},
	Booktitle = {Fractals in Engineering},
	Date-Modified = {2015-05-19 10:44:39 +0000},
	Doi = {10.1007/1-84628-048-6_14},
	Editor = {L\'evy-V\'ehel, Jacques and Lutton, Evelyne},
	Isbn = {978-1-84628-047-4},
	Language = {English},
	Pages = {219-234},
	Publisher = {Springer London},
	Title = {A non-parametric test for self-similarity and stationarity in network traffic},
	Url = {http://dx.doi.org/10.1007/1-84628-048-6_14},
	Year = {2005},
	Bdsk-Url-1 = {http://dx.doi.org/10.1007/1-84628-048-6_14}}

@article{jones2004,
	Author = {Jones, Owen Dafydd and Shen, Yuan},
	Journal = {Signal Processing Letters, IEEE},
	Number = {4},
	Pages = {416--419},
	Publisher = {IEEE},
	Title = {Estimating the Hurst index of a self-similar process via the crossing tree},
	Volume = {11},
	Year = {2004}}

@inproceedings{decrouez2013,
	Author = {Decrouez, Geoffrey and Amblard, Pierre-Olivier and Jones, Owen Dafydd and others},
	Booktitle = {Proc. GRETSI},
	Date-Modified = {2015-05-19 10:45:37 +0000},
	Title = {Estimation of the multifractal spectrum using the crossing tree},
	Year = {2013}}

@article{embrechts2000introduction,
	Author = {Embrechts, Paul and Maejima, Makoto},
	Doi = {10.1142/S0217979200001047},
	Eprint = {http://www.worldscientific.com/doi/pdf/10.1142/S0217979200001047},
	Journal = {International Journal of Modern Physics B},
	Number = {12n13},
	Pages = {1399--1420},
	Publisher = {World Scientific},
	Title = {An introduction to the theory of self-similar stochastic processes},
	Url = {http://www.worldscientific.com/doi/abs/10.1142/S0217979200001047},
	Volume = {14},
	Year = {2000},
	Bdsk-Url-1 = {http://www.worldscientific.com/doi/abs/10.1142/S0217979200001047},
	Bdsk-Url-2 = {http://dx.doi.org/10.1142/S0217979200001047}}

@booklet{embrechtsselfsimilar,
	Address = {Princeton},
	Author = {Embrechts, Paul and Maejima, Makoto},
	Date-Modified = {2015-05-20 09:22:00 +0000},
	Isbn = {9780691096278},
	Publisher = {Princeton University Press},
	Title = {Selfsimilar Processes},
	Year = {2002}}
